%% This BibTeX bibliography file was created using BibDesk.
%% http://bibdesk.sourceforge.net/


%% Created for Robert Crim at 2011-09-01 10:23:31 +0100 


%% Saved with string encoding Unicode (UTF-8) 



@book{nocedal1999numerical,
	Author = {Nocedal, J. and Wright, S.J.},
	Date-Added = {2011-09-01 10:15:52 +0100},
	Date-Modified = {2011-09-01 10:15:52 +0100},
	Publisher = {Springer verlag},
	Title = {Numerical optimization},
	Year = {1999}}

@article{zhu1997algorithm,
	Author = {Zhu, C. and Byrd, R.H. and Lu, P. and Nocedal, J.},
	Date-Added = {2011-09-01 10:13:53 +0100},
	Date-Modified = {2011-09-01 10:13:53 +0100},
	Journal = {ACM Transactions on Mathematical Software (TOMS)},
	Number = {4},
	Pages = {550--560},
	Publisher = {ACM},
	Title = {Algorithm 778: L-BFGS-B: Fortran subroutines for large-scale bound-constrained optimization},
	Volume = {23},
	Year = {1997}}

@article{byrd1995limited,
	Author = {Byrd, R.H. and Lu, P. and Nocedal, J. and Zhu, C.},
	Date-Added = {2011-09-01 10:08:15 +0100},
	Date-Modified = {2011-09-01 10:08:15 +0100},
	Journal = {SIAM Journal on Scientific Computing},
	Number = {5},
	Pages = {1190--1208},
	Publisher = {Citeseer},
	Title = {A limited memory algorithm for bound constrained optimization},
	Volume = {16},
	Year = {1995}}

@article{errico1997adjoint,
	Author = {Errico, R.M.},
	Date-Added = {2011-08-28 12:03:27 +0100},
	Date-Modified = {2011-08-28 12:03:27 +0100},
	Journal = {Bulletin of the American Meteorological Society},
	Number = {11},
	Pages = {2577--2592},
	Publisher = {[Lancaster, Pa., etc., American Meteorological Society]},
	Title = {What is an adjoint model?},
	Volume = {78},
	Year = {1997},
	Bdsk-File-1 = {YnBsaXN0MDDUAQIDBAUIJidUJHRvcFgkb2JqZWN0c1gkdmVyc2lvblkkYXJjaGl2ZXLRBgdUcm9vdIABqAkKFRYXGyIjVSRudWxs0wsMDQ4RFFpOUy5vYmplY3RzV05TLmtleXNWJGNsYXNzog8QgASABqISE4ACgAOAB1lhbGlhc0RhdGFccmVsYXRpdmVQYXRo0hgNGRpXTlMuZGF0YU8RAdIAAAAAAdIAAgAADE1hY2ludG9zaCBIRAAAAAAAAAAAAAAAAAAAAMoeitVIKwAAABdjdRx3aGF0X2lzX2FuX2Fkam9pbnRfbW9kZWwucGRmAAAAAAAAAAAAAAAAAAAAAAAAAAAAAAAAAAAAAAAAAAAAAAAAp1xIynvDoAAAAAAAAAAAAAEAAgAACSAAAAAAAAAAAAAAAAAAAAAEUmVmcwAQAAgAAMoefMUAAAARAAgAAMp7tZAAAAABABgAF2N1ABdjbwAXY1QAF2KcAAWrogAAkZ8AAgBMTWFjaW50b3NoIEhEOlVzZXJzOnJvYjpEcm9wYm94OnVuaTpQcm9qZWN0OlJlZnM6d2hhdF9pc19hbl9hZGpvaW50X21vZGVsLnBkZgAOADoAHAB3AGgAYQB0AF8AaQBzAF8AYQBuAF8AYQBkAGoAbwBpAG4AdABfAG0AbwBkAGUAbAAuAHAAZABmAA8AGgAMAE0AYQBjAGkAbgB0AG8AcwBoACAASABEABIAP1VzZXJzL3JvYi9Ecm9wYm94L3VuaS9Qcm9qZWN0L1JlZnMvd2hhdF9pc19hbl9hZGpvaW50X21vZGVsLnBkZgAAEwABLwAAFQACAAr//wAAgAXSHB0eH1gkY2xhc3Nlc1okY2xhc3NuYW1lox8gIV1OU011dGFibGVEYXRhVk5TRGF0YVhOU09iamVjdF8QJC4uL1JlZnMvd2hhdF9pc19hbl9hZGpvaW50X21vZGVsLnBkZtIcHSQloiUhXE5TRGljdGlvbmFyeRIAAYagXxAPTlNLZXllZEFyY2hpdmVyAAgAEQAWAB8AKAAyADUAOgA8AEUASwBSAF0AZQBsAG8AcQBzAHYAeAB6AHwAhgCTAJgAoAJ2AngCfQKGApEClQKjAqoCswLaAt8C4gLvAvQAAAAAAAACAQAAAAAAAAAoAAAAAAAAAAAAAAAAAAADBg==}}

@article{miller2009emerging,
	Author = {Miller, M.I. and Qiu, A.},
	Date-Added = {2011-08-28 12:02:30 +0100},
	Date-Modified = {2011-08-28 12:02:30 +0100},
	Journal = {NeuroImage},
	Number = {1},
	Pages = {S16--S39},
	Publisher = {Elsevier},
	Title = {The emerging discipline of computational functional anatomy},
	Volume = {45},
	Year = {2009},
	Bdsk-File-1 = {YnBsaXN0MDDUAQIDBAUIJidUJHRvcFgkb2JqZWN0c1gkdmVyc2lvblkkYXJjaGl2ZXLRBgdUcm9vdIABqAkKFRYXGyIjVSRudWxs0wsMDQ4RFFpOUy5vYmplY3RzV05TLmtleXNWJGNsYXNzog8QgASABqISE4ACgAOAB1lhbGlhc0RhdGFccmVsYXRpdmVQYXRo0hgNGRpXTlMuZGF0YU8RAfAAAAAAAfAAAgAADE1hY2ludG9zaCBIRAAAAAAAAAAAAAAAAAAAAMoeitVIKwAAABdjdR9taWxsZXJfMjAwOV9jb21wdXRhdCMxOTJFNkIucGRmAAAAAAAAAAAAAAAAAAAAAAAAAAAAAAAAAAAAAAAAAAAAGS5ryWMiuQAAAAAAAAAAAAEAAgAACSAAAAAAAAAAAAAAAAAAAAAEUmVmcwAQAAgAAMoefMUAAAARAAgAAMljIrkAAAABABgAF2N1ABdjbwAXY1QAF2KcAAWrogAAkZ8AAgBPTWFjaW50b3NoIEhEOlVzZXJzOnJvYjpEcm9wYm94OnVuaTpQcm9qZWN0OlJlZnM6bWlsbGVyXzIwMDlfY29tcHV0YXQjMTkyRTZCLnBkZgAADgBMACUAbQBpAGwAbABlAHIAXwAyADAAMAA5AF8AYwBvAG0AcAB1AHQAYQB0AGkAbwBuAGEAbABfAGEAbgBhAHQAbwBtAHkALgBwAGQAZgAPABoADABNAGEAYwBpAG4AdABvAHMAaAAgAEgARAASAEhVc2Vycy9yb2IvRHJvcGJveC91bmkvUHJvamVjdC9SZWZzL21pbGxlcl8yMDA5X2NvbXB1dGF0aW9uYWxfYW5hdG9teS5wZGYAEwABLwAAFQACAAr//wAAgAXSHB0eH1gkY2xhc3Nlc1okY2xhc3NuYW1lox8gIV1OU011dGFibGVEYXRhVk5TRGF0YVhOU09iamVjdF8QLS4uL1JlZnMvbWlsbGVyXzIwMDlfY29tcHV0YXRpb25hbF9hbmF0b215LnBkZtIcHSQloiUhXE5TRGljdGlvbmFyeRIAAYagXxAPTlNLZXllZEFyY2hpdmVyAAgAEQAWAB8AKAAyADUAOgA8AEUASwBSAF0AZQBsAG8AcQBzAHYAeAB6AHwAhgCTAJgAoAKUApYCmwKkAq8CswLBAsgC0QMBAwYDCQMWAxsAAAAAAAACAQAAAAAAAAAoAAAAAAAAAAAAAAAAAAADLQ==}}

@article{cotter2009curves,
	Author = {Cotter, C.J.},
	Date-Added = {2011-08-28 11:55:28 +0100},
	Date-Modified = {2011-08-28 12:00:43 +0100},
	Journal = {Journal of Physics A: Mathematical and Theoretical},
	Pages = {344003},
	Publisher = {IOP Publishing},
	Title = {The variational particle-mesh method for matching curves},
	Volume = {41},
	Year = {2008},
	Bdsk-File-1 = {YnBsaXN0MDDUAQIDBAUIJidUJHRvcFgkb2JqZWN0c1gkdmVyc2lvblkkYXJjaGl2ZXLRBgdUcm9vdIABqAkKFRYXGyIjVSRudWxs0wsMDQ4RFFpOUy5vYmplY3RzV05TLmtleXNWJGNsYXNzog8QgASABqISE4ACgAOAB1lhbGlhc0RhdGFccmVsYXRpdmVQYXRo0hgNGRpXTlMuZGF0YU8RAboAAAAAAboAAgAADE1hY2ludG9zaCBIRAAAAAAAAAAAAAAAAAAAAMoeitVIKwAAABdjdRZjb3R0ZXJfMjAwOV9jdXJ2ZXMucGRmAAAAAAAAAAAAAAAAAAAAAAAAAAAAAAAAAAAAAAAAAAAAAAAAAAAAAAAAGF5WyWMiJwAAAAAAAAAAAAEAAgAACSAAAAAAAAAAAAAAAAAAAAAEUmVmcwAQAAgAAMoefMUAAAARAAgAAMljIicAAAABABgAF2N1ABdjbwAXY1QAF2KcAAWrogAAkZ8AAgBGTWFjaW50b3NoIEhEOlVzZXJzOnJvYjpEcm9wYm94OnVuaTpQcm9qZWN0OlJlZnM6Y290dGVyXzIwMDlfY3VydmVzLnBkZgAOAC4AFgBjAG8AdAB0AGUAcgBfADIAMAAwADkAXwBjAHUAcgB2AGUAcwAuAHAAZABmAA8AGgAMAE0AYQBjAGkAbgB0AG8AcwBoACAASABEABIAOVVzZXJzL3JvYi9Ecm9wYm94L3VuaS9Qcm9qZWN0L1JlZnMvY290dGVyXzIwMDlfY3VydmVzLnBkZgAAEwABLwAAFQACAAr//wAAgAXSHB0eH1gkY2xhc3Nlc1okY2xhc3NuYW1lox8gIV1OU011dGFibGVEYXRhVk5TRGF0YVhOU09iamVjdF8QHi4uL1JlZnMvY290dGVyXzIwMDlfY3VydmVzLnBkZtIcHSQloiUhXE5TRGljdGlvbmFyeRIAAYagXxAPTlNLZXllZEFyY2hpdmVyAAgAEQAWAB8AKAAyADUAOgA8AEUASwBSAF0AZQBsAG8AcQBzAHYAeAB6AHwAhgCTAJgAoAJeAmACZQJuAnkCfQKLApICmwK8AsECxALRAtYAAAAAAAACAQAAAAAAAAAoAAAAAAAAAAAAAAAAAAAC6A==}}

@article{cotter2006singular,
	Author = {Cotter, C.J. and Holm, D.D.},
	Date-Added = {2011-08-28 11:53:18 +0100},
	Date-Modified = {2011-08-28 11:53:18 +0100},
	Journal = {Arxiv preprint nlin/0605020},
	Title = {Singular solutions, momentum maps and computational anatomy},
	Year = {2006},
	Bdsk-File-1 = {YnBsaXN0MDDUAQIDBAUIJidUJHRvcFgkb2JqZWN0c1gkdmVyc2lvblkkYXJjaGl2ZXLRBgdUcm9vdIABqAkKFRYXGyIjVSRudWxs0wsMDQ4RFFpOUy5vYmplY3RzV05TLmtleXNWJGNsYXNzog8QgASABqISE4ACgAOAB1lhbGlhc0RhdGFccmVsYXRpdmVQYXRo0hgNGRpXTlMuZGF0YU8RAboAAAAAAboAAgAADE1hY2ludG9zaCBIRAAAAAAAAAAAAAAAAAAAAMoeitVIKwAAABdjdRZjb3R0ZXIyMDA2c2luZ3VsYXIucGRmAAAAAAAAAAAAAAAAAAAAAAAAAAAAAAAAAAAAAAAAAAAAAAAAAAAAAAAAtU7myn/eBwAAAAAAAAAAAAEAAgAACSAAAAAAAAAAAAAAAAAAAAAEUmVmcwAQAAgAAMoefMUAAAARAAgAAMp/z/cAAAABABgAF2N1ABdjbwAXY1QAF2KcAAWrogAAkZ8AAgBGTWFjaW50b3NoIEhEOlVzZXJzOnJvYjpEcm9wYm94OnVuaTpQcm9qZWN0OlJlZnM6Y290dGVyMjAwNnNpbmd1bGFyLnBkZgAOAC4AFgBjAG8AdAB0AGUAcgAyADAAMAA2AHMAaQBuAGcAdQBsAGEAcgAuAHAAZABmAA8AGgAMAE0AYQBjAGkAbgB0AG8AcwBoACAASABEABIAOVVzZXJzL3JvYi9Ecm9wYm94L3VuaS9Qcm9qZWN0L1JlZnMvY290dGVyMjAwNnNpbmd1bGFyLnBkZgAAEwABLwAAFQACAAr//wAAgAXSHB0eH1gkY2xhc3Nlc1okY2xhc3NuYW1lox8gIV1OU011dGFibGVEYXRhVk5TRGF0YVhOU09iamVjdF8QHi4uL1JlZnMvY290dGVyMjAwNnNpbmd1bGFyLnBkZtIcHSQloiUhXE5TRGljdGlvbmFyeRIAAYagXxAPTlNLZXllZEFyY2hpdmVyAAgAEQAWAB8AKAAyADUAOgA8AEUASwBSAF0AZQBsAG8AcQBzAHYAeAB6AHwAhgCTAJgAoAJeAmACZQJuAnkCfQKLApICmwK8AsECxALRAtYAAAAAAAACAQAAAAAAAAAoAAAAAAAAAAAAAAAAAAAC6A==}}

@article{bauer2011new,
	Author = {Bauer, M. and Bruveris, M.},
	Date-Added = {2011-08-28 11:50:24 +0100},
	Date-Modified = {2011-08-28 11:50:24 +0100},
	Journal = {Arxiv preprint arXiv:1106.0620},
	Title = {A New Paradigm for Surface Registration},
	Year = {2011},
	Bdsk-File-1 = {YnBsaXN0MDDUAQIDBAUIJidUJHRvcFgkb2JqZWN0c1gkdmVyc2lvblkkYXJjaGl2ZXLRBgdUcm9vdIABqAkKFRYXGyIjVSRudWxs0wsMDQ4RFFpOUy5vYmplY3RzV05TLmtleXNWJGNsYXNzog8QgASABqISE4ACgAOAB1lhbGlhc0RhdGFccmVsYXRpdmVQYXRo0hgNGRpXTlMuZGF0YU8RAYoAAAAAAYoAAgAADE1hY2ludG9zaCBIRAAAAAAAAAAAAAAAAAAAAMoeitVIKwAAABdjdQptaWNjYWkucGRmAAAAAAAAAAAAAAAAAAAAAAAAAAAAAAAAAAAAAAAAAAAAAAAAAAAAAAAAAAAAAAAAAAAAAAAAGGsqygWWNwAAAAAAAAAAAAEAAgAACSAAAAAAAAAAAAAAAAAAAAAEUmVmcwAQAAgAAMoefMUAAAARAAgAAMoFiCcAAAABABgAF2N1ABdjbwAXY1QAF2KcAAWrogAAkZ8AAgA6TWFjaW50b3NoIEhEOlVzZXJzOnJvYjpEcm9wYm94OnVuaTpQcm9qZWN0OlJlZnM6bWljY2FpLnBkZgAOABYACgBtAGkAYwBjAGEAaQAuAHAAZABmAA8AGgAMAE0AYQBjAGkAbgB0AG8AcwBoACAASABEABIALVVzZXJzL3JvYi9Ecm9wYm94L3VuaS9Qcm9qZWN0L1JlZnMvbWljY2FpLnBkZgAAEwABLwAAFQACAAr//wAAgAXSHB0eH1gkY2xhc3Nlc1okY2xhc3NuYW1lox8gIV1OU011dGFibGVEYXRhVk5TRGF0YVhOU09iamVjdF8QEi4uL1JlZnMvbWljY2FpLnBkZtIcHSQloiUhXE5TRGljdGlvbmFyeRIAAYagXxAPTlNLZXllZEFyY2hpdmVyAAgAEQAWAB8AKAAyADUAOgA8AEUASwBSAF0AZQBsAG8AcQBzAHYAeAB6AHwAhgCTAJgAoAIuAjACNQI+AkkCTQJbAmICawKAAoUCiAKVApoAAAAAAAACAQAAAAAAAAAoAAAAAAAAAAAAAAAAAAACrA==}}
